
@article{Szyld2006Norm,
  title={The many proofs of an identity on the norm of oblique projections},
  author={Daniel B. Szyld},
  journal={Numerical Algorithms},
  year={2006},
  volume={42},
  pages={309-323}
}

@article{Chaturantabut2010Deim,
author = {Saifon Chaturantabut and Danny C. Sorensen},
title = {Nonlinear Model Reduction via Discrete Empirical Interpolation},
journal = {SIAM Journal on Scientific Computing},
volume = {32},
number = {5},
pages = {2737-2764},
year = {2010}
}


@book{MOR2008,
  author="Schilders, Wilhelmus H. A.
  and van der Vorst, Henk A.
  and Rommes, Joost",
  title="Model Order Reduction",
  bookTitle="Model Order Reduction: Theory, Research Aspects and Applications",
  year="2008",
  publisher="Springer Berlin Heidelberg",
  address="Berlin, Heidelberg",
  pages="471"
}


@ARTICLE{PODfirst,
  author = {P.M. Fitzsimons and C. Rui},
  title = {Determining low dimensional models of distributed systems},
  journal = {Advances in Robust and Nonlinear Control Systems},
  year = {1993},
  volume = {53},
}


@ARTICLE{PODover,
  author = {G. Kerschen and J.-C. Golinval and A. Vakakis and L. Bergman},
  title = {The {M}ethod of {P}roper {O}rthogonal {D}ecomposition for {D}ynamical
	{C}haracterization and {O}rder {R}eduction of {M}echanical {S}ystems:
	{A}n {O}verview},
  journal = {Nonlinear Dynamics},
  year = {2005},
  volume = {41},
  pages = {147-169}
}


@PHDTHESIS{PHDCha,
  author = {S. Chaturantabut},
  title = {Nonlinear Model Reduction via Discrete Empirical Interpolation},
  school = {Rice University},
  year = {2011}
}



@ARTICLE{PODDeimapplication,
  author = {S. Chaturantabut and D. Sorensen},
  title = {Application of {POD} and {DEIM} on dimension reduction of non-linear
	miscible viscous fingering in porous media},
  journal = {Mathematical and Computer Modelling of Dynamical Systems},
  year = {2010},
  volume = {17},
  pages = {337-353}
}

@INPROCEEDINGS{PODDeimpredetor,
    author = {Gabriel Dimitriu and Ionel M. Navon},
    title = {Application of a POD-DEIM Approach for Dimension Reduction of a Diffusive Predator-Prey System with Allee effect},
    booktitle = {In Lecture Notes in Computer Science, Large-Scale Scientific Computing, Lirkov et al.(Eds.), volume 42 of LNCS 8353},
    year = {2014},
    pages = {373--381},
    publisher = {Springer Verlag}
}


@article{PODDeimshallowwater,
  title = "POD/DEIM nonlinear model order reduction of an \{ADI\} implicit shallow water equations model ",
  journal = "Journal of Computational Physics ",
  volume = "237",
  pages = "95 - 114",
  year = "2013",
  author = "R. Ştefănescu and I.M. Navon",
}

@article{EIM,
title = "An ‘empirical interpolation’ method: application to efficient reduced-basis discretization of partial differential equations",
journal = "Comptes Rendus Mathematique",
volume = "339",
number = "9",
pages = "667 - 672",
year = "2004",
author = "Maxime Barrault and Yvon Maday and Ngoc Cuong Nguyen and Anthony T. Patera",
}

@article{metosidea,
   author = {{Piwonski}, J. and {Slawig}, T.},
    title = "{The Idea and Concept of Metos3D: A Marine Ecosystem Toolkit for Optimization and Simulation in 3D}",
     year = 2014,
     month = Oct
}


@article{metos3dsimpack,
AUTHOR = {Piwonski, J. and Slawig, T.},
TITLE = {Metos3D: a marine ecosystem toolkit for optimization and simulation in 3-D -- Simulation Package v0.2},
JOURNAL = {Geoscientific Model Development Discussions},
VOLUME = {8},
YEAR = {2015},
PAGES = {4401--4451}
}

@article{Khatiwala2005,
title = "Accelerated simulation of passive tracers in ocean circulation models ",
journal = "Ocean Modelling ",
volume = "9",
number = "1",
pages = "51 - 69",
year = "2005",
author = "Samar Khatiwala and Martin Visbeck and Mark A. Cane",
}


@book{patternrec,
title = "Introduction to Statistical Pattern Recognition (Second Edition)",
publisher = "Academic Press",
edition = "Second Edition",
address = "Boston",
year = "1990",
pages = "591",
author = "Keinosuke Fukunaga"
}

@ARTICLE{PODbalancedmodel,
    author = {K. Willcox and J. Peraire},
    title = {Balanced model reduction via the proper orthogonal decomposition},
    journal = {AIAA Journal},
    year = {2002},
    pages = {2323--2330}
}

@inproceedings{PCAimagepattern,
 author = {Naveena, C. and Aradhya, V. N. Manjunath and Niranjan, S. K.},
 title = {The Study of Different Similarity Measure Techniques in Recognition of Handwritten Characters},
 booktitle = {Proceedings of the International Conference on Advances in Computing, Communications and Informatics},
 series = {ICACCI '12},
 year = {2012},
 pages = {781--787},
 numpages = {7},
 publisher = {ACM}
} 


@ARTICLE{Berkooz93theproper,
    author = {Gal Berkooz and Philip Holmes and John L. Lumley},
    title = {The proper orthogonal decomposition in the analysis of turbulent flows},
    journal = {Annual Rev. Fluid Mech},
    year = {1993},
    pages = {539--575}
}

@article{Wang201210,
title = "Proper orthogonal decomposition closure models for turbulent flows: A numerical comparison ",
journal = "Computer Methods in Applied Mechanics and Engineering ",
volume = "237–240",
pages = "10 - 26",
year = "2012",
author = "Zhu Wang and Imran Akhtar and Jeff Borggaard and Traian Iliescu"
}

@MISC{A_anoptimizing,
    author = {Zhendong Luo A and Jing Chen B and Jiang Zhu C and Ruiwen Wang C and I. M. Navon D},
    title = {An optimizing reduced order FDS for the tropical Pacific Ocean reduced gravity model},
    year = {2006}
}


@article{PODSWF,
 author = {Lozovskiy, Alexander and Farthing, Matthew and Kees, Chris and Gildin, Eduardo},
 title = {POD-based Model Reduction for Stabilized Finite Element Approximations of Shallow Water Flows},
 journal = {J. Comput. Appl. Math.},
 issue_date = {August 2016},
 volume = {302},
 number = {C},
 year = {2016},
 pages = {50--70},
 numpages = {21},
 publisher = {Elsevier Science Publishers B. V.}
} 

@article{Luo2016433,
title = "A \{POD\} reduced-order finite difference time-domain extrapolating scheme for the 2D Maxwell equations in a lossy medium ",
journal = "Journal of Mathematical Analysis and Applications ",
volume = "444",
number = "1",
pages = "433 - 451",
year = "2016",
author = "Zhendong Luo and Junqiang Gao"
}

@article{Buchan2015138,
title = "A \{POD\} reduced order model for resolving angular direction in neutron/photon transport problems ",
journal = "Journal of Computational Physics ",
volume = "296",
number = "",
pages = "138 - 157",
year = "2015",
note = "",
author = "A.G. Buchan and A.A. Calloo and M.G. Goffin and S. Dargaville and F. Fang and C.C. Pain and I.M. Navon"
}

@article{Xiao20141,
title = "Non-linear model reduction for the Navier–Stokes equations using residual \{DEIM\} method ",
journal = "Journal of Computational Physics ",
volume = "263",
number = "",
pages = "1 - 18",
year = "2014",
author = "D. Xiao and F. Fang and A.G. Buchan and C.C. Pain and I.M. Navon and J. Du and G. Hu",
}


@misc{arpack,
  author = {Rich Lehoucq, Kristi Maschhoff, Danny Sorensen and Chao Yang},
  title = {ARPACK, Solution of Large Scale Eigenvalue Problems with Implicitly Restarted Arnoldi Methods},
  url = {http://www.caam.rice.edu/software/ARPACK/},
  year = {1997}
}

@Article{slepc-toms,
   author = "Vicente Hernandez, Jose E. Roman and Vicente Vidal",
   title = "{SLEPc}: A Scalable and Flexible Toolkit for the Solution of Eigenvalue Problems",
   journal = "{ACM} Trans. Math. Software",
   volume = "31",
   number = "3",
   pages = "351--362",
   year = "2005",
}

@Misc{scipy,
  author =    {Eric Jones and Travis Oliphant and Pearu Peterson and others},
  title =     {{SciPy}: Open source scientific tools for {Python}},
  year =      {2001--},
  url = "http://www.scipy.org/",
  note = {[Online; accessed 2016-09-06]}
}

@book{ROM_Book,
author="Quarteroni, Alfio
and Rozza, Gianluigi",
title="Reduced Order Methods for Modeling and Computational Reduction",
year="2014",
publisher="Springer International Publishing",
pages="332",
}

@book{ROM_book2,
    author = {Alfio Quarteroni,Andrea Manzoni and Federico Negri},
    title = {Reduced Basis Method for Partial Differential Equations, An Introduction},
    year = {2016},
    publisher={Springer International Publishing},
    pages={296}
    
}

@article {TMM,
author = {Khatiwala, Samar},
title = {A computational framework for simulation of biogeochemical tracers in the ocean},
journal = {Global Biogeochemical Cycles},
volume = {21},
number = {3},
year = {2007},
}

@article {biomodels,
author = {Kriest, I. and Oschlies, A. and Khatiwala, S.},
title = {Sensitivity analysis of simple global marine biogeochemical models},
journal = {Global Biogeochemical Cycles},
volume = {26},
number = {2},
year = {2012}
}

@Article{svd_parallel,
  author  = "V. Hern{\'a}ndez and J. E. Rom{\'a}n and A. Tom{\'a}s",
  title   = "A robust and efficient parallel {SVD} solver based on restarted {Lanczos} bidiagonalization",
  journal = "Electron. Trans. Numer. Anal.",
  volume  = "31",
  pages   = "68--85",
  year    = "2008"
}

@inproceedings {mitgcm_bio,

  title = {A three-dimensional ocean-seaice-carbon cycle model and its coupling to a two-dimensional atmospheric model: Uses in climate change studies},
  journal = {Technical Report},
  volume = {122},
  publisher = {MIT Joint Program on the Science and Policy of Global Change},
  year = {2005},
    author = {Stephanie Dutkiewicz, Andrei P. Sokolov, Jeffery Scott and Peter H. Stone}
}


@inproceedings{Daniel2007ReorthogonalizationAS,
  title={Reorthogonalization and Stable Algorithms for Updating the Gram-Schmidt QR Factorization},
  author={J W Daniel and W B Gragg and L Kaufman and G W Stewart},
  year={2007}
}